@misc{szegedy2014intriguing,
      title={Intriguing properties of neural networks}, 
      author={Christian Szegedy and Wojciech Zaremba and Ilya Sutskever and Joan Bruna and Dumitru Erhan and Ian Goodfellow and Rob Fergus},
      year={2014},
      eprint={1312.6199},
      archivePrefix={arXiv},
      primaryClass={cs.CV}
}

@misc{goodfellow2015explaining,
      title={Explaining and Harnessing Adversarial Examples}, 
      author={Ian J. Goodfellow and Jonathon Shlens and Christian Szegedy},
      year={2015},
      eprint={1412.6572},
      archivePrefix={arXiv},
      primaryClass={stat.ML}
}

@article{Biggio_2013,
   title={Evasion Attacks against Machine Learning at Test Time},
   ISBN={9783642387098},
   ISSN={1611-3349},
   url={http://dx.doi.org/10.1007/978-3-642-40994-3_25},
   DOI={10.1007/978-3-642-40994-3_25},
   journal={Lecture Notes in Computer Science},
   publisher={Springer Berlin Heidelberg},
   author={Biggio, Battista and Corona, Igino and Maiorca, Davide and Nelson, Blaine and Šrndić, Nedim and Laskov, Pavel and Giacinto, Giorgio and Roli, Fabio},
   year={2013},
   pages={387–402}
}

@misc{kurakin2017adversarial,
      title={Adversarial examples in the physical world}, 
      author={Alexey Kurakin and Ian Goodfellow and Samy Bengio},
      year={2017},
      eprint={1607.02533},
      archivePrefix={arXiv},
      primaryClass={cs.CV}
}

@misc{szegedy2014going,
      title={Going Deeper with Convolutions}, 
      author={Christian Szegedy and Wei Liu and Yangqing Jia and Pierre Sermanet and Scott Reed and Dragomir Anguelov and Dumitru Erhan and Vincent Vanhoucke and Andrew Rabinovich},
      year={2014},
      eprint={1409.4842},
      archivePrefix={arXiv},
      primaryClass={cs.CV}
}

@inproceedings{Sharif16AdvML,
  author =       {Mahmood Sharif and Sruti Bhagavatula and Lujo Bauer 
						and Michael K. Reiter},
  title =        {Accessorize to a crime: {R}eal and stealthy attacks 
  						on state-of-the-art face recognition},
  booktitle =    {Proceedings of the 23rd ACM SIGSAC Conference on 
						Computer and Communications Security},
  year =         2016
} 

@misc{facepluslplus,
author={Megvii Inc.},
title= {Face++},
howpublished={\url{http://www.faceplusplus.com/}}}

@misc{mobilesec,
author={MobileSec},
title={Mobilesec Android Authentication Framework},
howpublished={\url{https://github.com/mobilesec/
authentication-framework-module-face}}}

@misc{nec,
author={NEC},
title={Face recognition},
howpublished={\url{http://www.nec.com/en/global/solutions/biometrics/
technologies/face recognition.html}}}

@misc{eykholt2018robust,
      title={Robust Physical-World Attacks on Deep Learning Models}, 
      author={Kevin Eykholt and Ivan Evtimov and Earlence Fernandes and Bo Li and Amir Rahmati and Chaowei Xiao and Atul Prakash and Tadayoshi Kohno and Dawn Song},
      year={2018},
      eprint={1707.08945},
      archivePrefix={arXiv},
      primaryClass={cs.CR}
}

@misc{carlini2017adversarial,
      title={Adversarial Examples Are Not Easily Detected: Bypassing Ten Detection Methods}, 
      author={Nicholas Carlini and David Wagner},
      year={2017},
      eprint={1705.07263},
      archivePrefix={arXiv},
      primaryClass={cs.LG}
}

@misc{bhagoji2017enhancing,
      title={Enhancing Robustness of Machine Learning Systems via Data Transformations}, 
      author={Arjun Nitin Bhagoji and Daniel Cullina and Chawin Sitawarin and Prateek Mittal},
      year={2017},
      eprint={1704.02654},
      archivePrefix={arXiv},
      primaryClass={cs.CR}
}

@misc{feinman2017detecting,
      title={Detecting Adversarial Samples from Artifacts}, 
      author={Reuben Feinman and Ryan R. Curtin and Saurabh Shintre and Andrew B. Gardner},
      year={2017},
      eprint={1703.00410},
      archivePrefix={arXiv},
      primaryClass={stat.ML}
}

@misc{gong2017adversarial,
      title={Adversarial and Clean Data Are Not Twins}, 
      author={Zhitao Gong and Wenlu Wang and Wei-Shinn Ku},
      year={2017},
      eprint={1704.04960},
      archivePrefix={arXiv},
      primaryClass={cs.LG}
}

@misc{grosse2017statistical,
      title={On the (Statistical) Detection of Adversarial Examples}, 
      author={Kathrin Grosse and Praveen Manoharan and Nicolas Papernot and Michael Backes and Patrick McDaniel},
      year={2017},
      eprint={1702.06280},
      archivePrefix={arXiv},
      primaryClass={cs.CR}
}

@article{Li2017AdversarialED,
  title={Adversarial Examples Detection in Deep Networks with Convolutional Filter Statistics},
  author={Xin Li and F. Li},
  journal={2017 IEEE International Conference on Computer Vision (ICCV)},
  year={2017},
  pages={5775-5783}
}

@inproceedings{metzen2017detecting,
  title={On Detecting Adversarial Perturbations},
  author={Metzen, Jan Hendrik and Genewein, Tim and Fischer, Volker and Bischoff, Bastian},
  booktitle = {Proceedings of 5th International Conference on Learning Representations (ICLR)},
  year={2017},
  url = {https://arxiv.org/abs/1702.04267}
}

@misc{athalye2018robustness,
      title={On the Robustness of the CVPR 2018 White-Box Adversarial Example Defenses}, 
      author={Anish Athalye and Nicholas Carlini},
      year={2018},
      eprint={1804.03286},
      archivePrefix={arXiv},
      primaryClass={cs.CV}
}

@INPROCEEDINGS{8578992,
  author={A. {Prakash} and N. {Moran} and S. {Garber} and A. {DiLillo} and J. {Storer}},
  booktitle={2018 IEEE/CVF Conference on Computer Vision and Pattern Recognition}, 
  title={Deflecting Adversarial Attacks with Pixel Deflection}, 
  year={2018},
  volume={},
  number={},
  pages={8571-8580},
  doi={10.1109/CVPR.2018.00894}}
  
  @InProceedings{pmlr-v80-uesato18a, title = {Adversarial Risk and the Dangers of Evaluating Against Weak Attacks}, author = {Uesato, Jonathan and O'Donoghue, Brendan and Kohli, Pushmeet and van den Oord, Aaron}, booktitle = {Proceedings of the 35th International Conference on Machine Learning}, pages = {5025--5034}, year = {2018}, editor = {Jennifer Dy and Andreas Krause}, volume = {80}, series = {Proceedings of Machine Learning Research}, address = {Stockholmsmässan, Stockholm Sweden}, month = {10--15 Jul}, publisher = {PMLR}, pdf = {http://proceedings.mlr.press/v80/uesato18a/uesato18a.pdf}, url = {http://proceedings.mlr.press/v80/uesato18a.html}}
  
  @article{dasgupta2007general,
  title={A general agnostic active learning algorithm},
  author={Dasgupta, Sanjoy and Hsu, Daniel J and Monteleoni, Claire},
  journal={Advances in neural information processing systems},
  volume={20},
  pages={353--360},
  year={2007}
}

@inproceedings{
weng2018evaluating,
title={Evaluating the Robustness of Neural Networks: An Extreme Value Theory Approach},
author={Tsui-Wei Weng and Huan Zhang and Pin-Yu Chen and Jinfeng Yi and Dong Su and Yupeng Gao and Cho-Jui Hsieh and Luca Daniel},
booktitle={International Conference on Learning Representations},
year={2018},
url={https://openreview.net/forum?id=BkUHlMZ0b},
}

@article{Raghunathan2018certified,
  author    = {Aditi Raghunathan and
               Jacob Steinhardt and
               Percy Liang},
  title     = {Certified Defenses against Adversarial Examples},
  journal   = {CoRR},
  volume    = {abs/1801.09344},
  year      = {2018},
  url       = {http://arxiv.org/abs/1801.09344},
  archivePrefix = {arXiv},
  eprint    = {1801.09344},
  timestamp = {Mon, 13 Aug 2018 16:48:13 +0200},
  biburl    = {https://dblp.org/rec/journals/corr/abs-1801-09344.bib},
  bibsource = {dblp computer science bibliography, https://dblp.org}
}

@misc{lecuyer2019certified,
      title={Certified Robustness to Adversarial Examples with Differential Privacy}, 
      author={Mathias Lecuyer and Vaggelis Atlidakis and Roxana Geambasu and Daniel Hsu and Suman Jana},
      year={2019},
      eprint={1802.03471},
      archivePrefix={arXiv},
      primaryClass={stat.ML}
}

@misc{cohen2019certified,
      title={Certified Adversarial Robustness via Randomized Smoothing}, 
      author={Jeremy M Cohen and Elan Rosenfeld and J. Zico Kolter},
      year={2019},
      eprint={1902.02918},
      archivePrefix={arXiv},
      primaryClass={cs.LG}
}

@misc{hosseini2018semantic,
      title={Semantic Adversarial Examples}, 
      author={Hossein Hosseini and Radha Poovendran},
      year={2018},
      eprint={1804.00499},
      archivePrefix={arXiv},
      primaryClass={cs.CV}
}

@misc{brown2018adversarial,
      title={Adversarial Patch}, 
      author={Tom B. Brown and Dandelion Mané and Aurko Roy and Martín Abadi and Justin Gilmer},
      year={2018},
      eprint={1712.09665},
      archivePrefix={arXiv},
      primaryClass={cs.CV}
}

@misc{salman2020provably,
      title={Provably Robust Deep Learning via Adversarially Trained Smoothed Classifiers}, 
      author={Hadi Salman and Greg Yang and Jerry Li and Pengchuan Zhang and Huan Zhang and Ilya Razenshteyn and Sebastien Bubeck},
      year={2020},
      eprint={1906.04584},
      archivePrefix={arXiv},
      primaryClass={cs.LG}
}

@misc{hendrycks2019using,
      title={Using Pre-Training Can Improve Model Robustness and Uncertainty}, 
      author={Dan Hendrycks and Kimin Lee and Mantas Mazeika},
      year={2019},
      eprint={1901.09960},
      archivePrefix={arXiv},
      primaryClass={cs.LG}
}

@misc{levine2019robustness,
      title={Robustness Certificates for Sparse Adversarial Attacks by Randomized Ablation}, 
      author={Alexander Levine and Soheil Feizi},
      year={2019},
      eprint={1911.09272},
      archivePrefix={arXiv},
      primaryClass={cs.LG}
}

@misc{levine2020derandomized,
      title={(De)Randomized Smoothing for Certifiable Defense against Patch Attacks}, 
      author={Alexander Levine and Soheil Feizi},
      year={2020},
      eprint={2002.10733},
      archivePrefix={arXiv},
      primaryClass={cs.LG}
}

@misc{fischer2020certified,
      title={Certified Defense to Image Transformations via Randomized Smoothing}, 
      author={Marc Fischer and Maximilian Baader and Martin Vechev},
      year={2020},
      eprint={2002.12463},
      archivePrefix={arXiv},
      primaryClass={cs.LG}
}

@INPROCEEDINGS{6909616,
  author={Y. {Taigman} and M. {Yang} and M. {Ranzato} and L. {Wolf}},
  booktitle={2014 IEEE Conference on Computer Vision and Pattern Recognition}, 
  title={DeepFace: Closing the Gap to Human-Level Performance in Face Verification}, 
  year={2014},
  volume={},
  number={},
  pages={1701-1708},
  doi={10.1109/CVPR.2014.220}}
  
 @inproceedings{Sun2014DeepA, author = {Sun, Yi and Wang, Xiaogang and Tang, Xiaoou}, title = {Deep Learning Face Representation from Predicting 10,000 Classes}, year = {2014}, isbn = {9781479951185}, publisher = {IEEE Computer Society}, address = {USA}, url = {https://doi.org/10.1109/CVPR.2014.244}, doi = {10.1109/CVPR.2014.244}, booktitle = {Proceedings of the 2014 IEEE Conference on Computer Vision and Pattern Recognition}, pages = {1891–1898}, numpages = {8}, keywords = {face verification, deep learning}, series = {CVPR '14} }
 
 @article{Schroff_2015,
   title={FaceNet: A unified embedding for face recognition and clustering},
   ISBN={9781467369640},
   url={http://dx.doi.org/10.1109/CVPR.2015.7298682},
   DOI={10.1109/cvpr.2015.7298682},
   journal={2015 IEEE Conference on Computer Vision and Pattern Recognition (CVPR)},
   publisher={IEEE},
   author={Schroff, Florian and Kalenichenko, Dmitry and Philbin, James},
   year={2015},
   month={Jun}
}

@misc{sun2014deepB,
      title={Deep Learning Face Representation by Joint Identification-Verification}, 
      author={Yi Sun and Xiaogang Wang and Xiaoou Tang},
      year={2014},
      eprint={1406.4773},
      archivePrefix={arXiv},
      primaryClass={cs.CV}
}
@InProceedings{Parkhi15,
  author       = "Omkar M. Parkhi and Andrea Vedaldi and Andrew Zisserman",
  title        = "Deep Face Recognition",
  booktitle    = "British Machine Vision Conference",
  year         = "2015",
}

@article{hung2019,
author = "Hung, Kenneth and Fithian, William",
doi = "10.1214/17-AOS1634",
fjournal = "Annals of Statistics",
journal = "Ann. Statist.",
month = "04",
number = "2",
pages = "758--782",
publisher = "The Institute of Mathematical Statistics",
title = "Rank verification for exponential families",
url = "https://doi.org/10.1214/17-AOS1634",
volume = "47",
year = "2019"
}

@misc{levine2019wasserstein,
      title={Wasserstein Smoothing: Certified Robustness against Wasserstein Adversarial Attacks}, 
      author={Alexander Levine and Soheil Feizi},
      year={2019},
      eprint={1910.10783},
      archivePrefix={arXiv},
      primaryClass={cs.LG}
}

@misc{xiang2021patchguard,
      title={PatchGuard: A Provably Robust Defense against Adversarial Patches via Small Receptive Fields and Masking}, 
      author={Chong Xiang and Arjun Nitin Bhagoji and Vikash Sehwag and Prateek Mittal},
      year={2021},
      eprint={2005.10884},
      archivePrefix={arXiv},
      primaryClass={cs.CV}
}

@inproceedings{lui2015celeba,
 title = {Deep Learning Face Attributes in the Wild},
 author = {Liu, Ziwei and Luo, Ping and Wang, Xiaogang and Tang, Xiaoou},
 booktitle = {Proceedings of International Conference on Computer Vision (ICCV)},
 month = {December},
 year = {2015} 
}

@inproceedings{resnet,
author = {He, Kaiming and Zhang, Xiangyu and Ren, Shaoqing and Sun, Jian},
year = {2016},
month = {06},
pages = {770-778},
title = {Deep Residual Learning for Image Recognition},
doi = {10.1109/CVPR.2016.90}
}

@misc{kurakin2017adversarial,
      title={Adversarial Machine Learning at Scale}, 
      author={Alexey Kurakin and Ian Goodfellow and Samy Bengio},
      year={2017},
      eprint={1611.01236},
      archivePrefix={arXiv},
      primaryClass={cs.CV}
}

@misc{madry2019deep,
      title={Towards Deep Learning Models Resistant to Adversarial Attacks}, 
      author={Aleksander Madry and Aleksandar Makelov and Ludwig Schmidt and Dimitris Tsipras and Adrian Vladu},
      year={2019},
      eprint={1706.06083},
      archivePrefix={arXiv},
      primaryClass={stat.ML}
}